@inproceedings{drebin,
	author = {Daniel {Arp} and Michael {Spreitzenbarth} and Malte {Huebner} and Hugo {Gascon} and Konrad {Rieck}},
	title = {Drebin: {Efficient} and {Explainable} {Detection} of {Android} {Malware} in {Your} {Pocket}},
	year = 2014,
	month = feb,
	booktitle={21th Annual Network and Distributed System Security Symposium (NDSS)}
}

